@techreport{Buncic:2011297,
      author        = "Buncic, P and Krzewicki, M and Vande Vyvre, P",
      title         = "{Technical Design Report for the Upgrade of the
                       Online-Offline Computing System}",
      number        = "CERN-LHCC-2015-006. ALICE-TDR-019",
      month         = "Apr",
      year          = "2015",
      reportNumber  = "CERN-LHCC-2015-006",
      url           = "https://cds.cern.ch/record/2011297",
},
@misc{software_for_science_github,
	url={https://github.com/SoftwareForScience/},
	title={Software for Science Github Organization},
	journal={Software for Science Github},
	author={{Software For Science}}
},
@misc{O2Balancer_github,
	url={https://github.com/SoftwareForScience/O2-Balancer},
	title={O2Balancer Github},
	journal={O2Balancer Github},
	author={van der Heijden, H. J. M}
},
@misc{O2BalancerCompilation, 
	title={O2-Balancer compilation instructions}, 
	url={https://github.com/SoftwareForScience/O2-Balancer/blob/master/Docs/Compilation.md}, 
	journal={GitHub}, 
	author={van der Heijden, H. J. M}
},
@misc{balancerscripts_github,
	url={https://github.com/SoftwareForScience/BalancerScripts},
	title={BalancerScripts Github},
	journal={BalancerScripts Github},
	author={van der Heijden, H. J. M}
},
@phdthesis{vander_2016,
	title={Load Balancing High Volume Network Traffic at ALICE After the Second Long Shutdown of CERNâ€™s LHC},
	author={van der Lee, T},
	year={2016}
},
@phdthesis{vander_2017,
	title={Effect of ticktime on the Re-initialization and Blacklist load balancing algorithms during a fail-over for ALICE},
	author={van der Heijden, H. J. M},
	year={2017}
},
@phdthesis{mitchel_2018,
	title={Effects of the EPNs and FLPs on the Information Node for ALICE Cern},
	author={Puls, M},
	year={2018}
} 