@online{iso29148,
	author = {International Organization for Standardization},
	title = "{ISO/IEC/IEEE} 29148:2011",
	year = 2011,
	url = {https://www.iso.org/standard/45171.html},
	urldate = {2018-12-18},
}